% Physics, chemistry, biology
@string{jcp="The Journal of Chemical Physics"}

% Medical imaging
@string{ajr = "American Journal of Roentgenology"}
@string{jmi="Journal of Medical Imaging"}
@string{ni="Neuroimage"}

% MRI
@string{mrmpbm="Magnetic Resonance Materials in Physics, Biology and Medicine"}
@string{mrmpbm="Magnetic Resonance Materials in Physics, Biology and Medicine"}
@string{jmri="Journal of Magnetic Resonance Imaging"}
@string{mrm="Magnetic Resonance in Medicine"}
@string{qmrbm="Quarterly of Magnetic Resonance in Biology and Medicine"}

% Oncology
@string{rad="Radiology"}
@string{ajnr="American Journal of Neuroradiology"}
@string{cr="Cancer Research"}
@string{jnci="Journal of the National Cancer Institute"}
@string{mct="Molecular Cancer Therapeutics"}
@string{no="Neuro-Oncology"}
@string{ijrobp="International Journal of Radiation Oncology Biology Physics"}
@string{rao="Radiotherapy and Oncology"}
@string{co="Current Oncology"}
@string{ejc="European Journal of Cancer"}
@string{nrc="Nature Reviews Cancer"}