@article{lebihan-2013,
title={Diffusion {MRI} at 25: {E}xploring brain tissue structure and function},
author={D. Le Bihan and H. Johansen-Berg},
journal=ni,
year={2012},
volume={61},
number={2},
pages={324--341},
}


@article{behin-2003,
title={Primary brain tumours in adults},
author={A. Behin and K. Hoang-Xuan and A. F. Carpentier and J.-Y. Delattre},
journal={The Lancet},
volume={361},
year={2003},
}

@article{cagney-2017,
title={Incidence and prognosis of patients with brain metastases at diagnosis of systemic malignancy: a population-based study},
author={D. N. Cagney and A. M. Martin and P. J. Catalano and A. J. Redig and N. U. Lin and E. Q. Lee and P. Y. Wen and I. F. Dunn and W. L. Bi and S. E. Weiss and D. A. Haas-Kogan and B. M. Alexander and A. A. Aizer},
journal=no,
year={2017},
volume={19},
number={11},
pages={1511--1521},
}

@article{huse-2010,
title={Targeting brain cancer: advances in the molecular pathology of malignant gliomas and medulloblastoma},
author={J. T. Huse and E. C. Holland},
journal=nrc,
year={2010},
volume={10},
pages={319--331},
}

@article{eisenhauer-2008,
title={New response evaluation criteria in solid tumours: {R}evised {RECIST} guideline (version 1.1)},
author={E. A. Eisenhauer and P. Therasse and J. Bogaerts and L. H. Schwartz and D. Sargent and R. Ford and J. Dancey and S. Arbuck and S. Gwyther and M. Mooney and L. Rubinstein and L. Shankar and L. Dodd and R. Kaplan and D. Lacombe and J. Verweij},
journal=ejc,
year={2008},
volume={45},
pages={228--247},
}

@misc{mr-linac-sunnybrook,
title={{MR-L}inac},
howpublished={\url{https://sunnybrook.ca/content/?page=occ-radonc-cancer-mr-linac}},
organization={Sunnybrook Health Sciences Centre},
key={mrl},
note={Accessed: 2020-02-03},
}

@article{easaw-2011,
author={J. C. Easaw and W. P. Mason and J. Perry and N. Laperri\`{e}re and D. D. Eisenstat and R. D. Maestro and K. B\'{e}langer and D. Fultona nd D. Macdonald},
title={Canadian recommendations for the treatment of recurrent or progressive glioblastoma multiforme},
journal=co,
volume={18},
number={3},
year={2011},
}

@article{thust-2018,
author={S. C. Thust and M. J. van den Bent and M. Smits},
title={Pseudoprogression of brain tumours},
journal=jmri,
year={2018},
volume={48},
number={3},
pages={571--589},
}

@article{farin-2006,
author={A. Farin and S. O. Suzuki and M. Weiker and J. E. Goldman and J. N. Bruce and P. Cannoll},
title={Transplanted Glioma Cells Migrate and Proliferate on Host Brain Vasculature: A Dynamic Analysis},
journal={GLIA},
year={2006},
volume={53},
pages={799--808},
}

@article{lambin-2009,
author={P. Lambin and S. F. Petit and H. J. W. L. Aerts and W. J. C. van Elmpt and C. J. G. Oberije and M. H. W. Starmans and R. G. P. M. van Stiphout and G. A. M. S. van Dongen and K. Muyelle and P. Flamen and A. L. A. J. Dekker and D. De Ruysscher},
title={The {ESTRO} {B}reur {L}ecture 2009. {F}rom population to voxel-based radiotherapy: {E}xploiting intra-tumour and intra-organ heterogeneity for advanced treatment of non-small cell lung cancer},
journal=rao,
volume={96},
year={2010},
pages={145--152},
}


@article{ling-2000,
author={C. C. Ling and J. Humm and S. Larson and H. Amols and Z. Fuks and S. Leibel and J. A. Koutcher},
title={Towards Multidimensional Radiotherapy ({MD-CRT}): Biological Imaging and Biological Conformality},
journal=ijrobp,
volume={47},
number={3},
pages={551--560},
year={2000},
}

@article{desmond-2017,
author={K. Desmond and H. Mehrabian and S. Chavez and A. Sahgal and H. Soliman and R. Rola and G. J. Stanisz},
title={Chemical Exchange Saturation Transfer for Predicting Response to Stereotactic Radiosurgery in Human Brain Metastasis},
journal=mrm,
volume={78},
pages={1110--1120},
year={2017},
}

@article{jaffray-2012,
author={D. A. Jaffray},
title={Image-guided radiotherapy: from current concept to future perspectives},
journal={Nature Reviews Clinical Oncology},
volume={9},
year={2012},
pages={688-699},
}

@article{demidov-2018,
author={V. Demidov and A. Maeda and M. Sugita and V. Madge and S. Sadanand and C. Flueraru and I. A. Vitkin},
title={Preclinical longitudinal imaging of tumor microvascular radiobiological response with functional optical coherence tomography},
journal={Nature Scientific Reports},
volume={8},
number={38},
year={2018},
}

@article{federau-2014,
author={C. Federau and K. O'Brien and R. Meuli and P. Hagmann and P. Maeder},
title={Measuring Brain Perfusion With Intravoxel Incoherent Motion (IVIM): Initial Clinical Experience},
journal=jmri,
volume={39},
year={2014},
pages={624--632},
}

@article{cao-2017,
title={{MR}-guided radiation therapy: transformative technology and its role in the central nervous system},
author={Y. Cao and C.-L. Tseng and J. M. Balter and F. Teng and H. A. Parmar and A. Sahgal},
journal=no,
volume={19},
pages={ii16--ii29},
year={2017},
}

@article{rathore-2018,
title={Radiomic signature of infiltration in peritumoral edema predicts subsequent recurrence in glioblastoma: implications for personalized radiotherapy planning},
author={S. Rathore and H. Akbari and J. Doshi and G. Shukla and M. Rozycki and M. Bilello and R. Lustig and C. Davatzikos},
journal=jmi,
volume={5},
number={2},
year={2018},
}

@article{chang-2017,
title={Predicting Glioblastoma Recurrence by Early Changes in the Apparent Diffusion Coefficient Value and Signal Intensity on FLAIR Images},
author={P. D. Chang and D. S. Chow and P. H. Yang and C. G. Filippi and A. Lignelli},
journal=ajr,
volume={208},
pages={57--65},
year={2017},
}

@article{ross-2003,
title={Evaluation of Cancer Therapy Using Diffusion Magnetic Resonance Imaging},
author={B. D. Ross and B. A. Moffat and T. S. Lawrence and S. K. Mukherji and S. S. Gebarski and D. J. Quint and T. D. Johnson and L. Junck and P. L. Robertson and K. M. Muraszko and Q. Dong and C. R. Meyer and P. H. Bland and P. McConville and H. Geng and A. Rehemtulla and T. L. Chenevert},
journal=mct,
volume={2},
pages={581--587},
year={2003},
}

@article{moffat-2004,
title={Diffusion imaging for evaluation of tumor therapies in preclinical animal models},
author={B. A. Moffat and D. E. Hall and J. Stojanovska and P. J. McConville and J. B. Moody and T. L. Chenevert and A. Rehemtulla and B. D. Ross},
journal=mrmpbm,
volume={17},
pages={249--259},
year={2004},
}

@article{hamstra-2004,
title={The Use of 19F Spectroscopy and Diffusion-Weighted MRI to Evaluate Differences in Gene-Dependent Enzyme Prodrug Therapies},
author={D. A. Hamstra and K. C. Lee and J. M. Tychewicz and V. D. Schepkin and B. A. Moffat and M. Chen and K. J. Dornfeld and T. S. Lawrence and T. L. Chenevert and B. D. Ross and J. T. Gelovani and A. Rehemtulla},
journal={Molecular Therapy},
volume={10},
number={5},
year={2004},
pages={916--928},
}

@article{ross-1994,
title={Magnetic Resonance Imaging and Spectroscopy: Application to Experimental Neuro-Oncology},
author={B. D. Ross and T. L. Chenevert and B. Kim and O. Ben-Yoseph},
journal=qmrbm,
volume={1},
number={2},
year={1994},
pages={89--106},
}

@article{hamstra-2005,
title={Evaluation of the functional diffusion map as an early biomarker of time-to-progression and overall survival in high-grade glioma},
author={D. A. Hamstra and T. L. Chenevert and B. A. Moffat and T. D. Johnson and C. R. Meyer and S. K. Mukherji and D. J. Quint and S. S. Gebarski and X. Fan and C. I. Tsien and T. S. Lawrence and L. Junck and A. Rehemtulla and B. D. Ross},
journal={Proceedings of the National Academy of Sciences of the United States},
volume={102},
number={46},
pages={16759--16764},
year={2005},
}

@article{padhani-2009,
title={Diffusion-Weighted Magnetic Resonance Imaging as a Cancer Biomarker: Consensus and Recommendations},
author={A. R. Padhani and G. Liu and D.-M. Koh and T. L. Chenevert and H. C. Thoeny and T. Takahar and A. Dzik-Jurasz and B. D. Ross and M. V. Cauteren and D. Collins and D. A. Hammoud and G. J. S. Rustin and B. Taouli and P. L. Choyke},
journal={Neoplasia},
volume={11},
pages={102--125},
year={2009},
}

@article{koh-2007,
title={Diffusion-Weighted {MRI} in the Body: Applications and Challenges in Oncology},
author={D.-M. Koh and D. J. Collins},
journal=ajr,
volume={188},
number={6},
pages={1622--1635},
year={2007},
}

@article{strimbu-2010,
title={What are Biomarkers?},
author={K. Strimbu and J. A. Tavel},
journal={Current Opinion in HIV and AIDS},
volume={5},
number={6},
pages={463--466},
year={2010},
}

@article{lebihan-2019,
title={What can we see with {IVIM MRI}?},
author={D. Le Bihan},
journal={NeuroImage},
volume={187},
year={2019},
pages={56--67},
}

@article{lebihan-1986,
title={{MR} imaging of intravoxel incoherent motions: application to diffusion and perfusion in neurologic disorders},
author={D. Le Bihan and E. Breton and D. Lallemand and P. Grenier and E. Cabanis and M. Laval-Jeantet},
journal=rad,
volume={161},
number={2},
year={1986},
}

@article{stejskal-1965,
title={Spin diffusion measurements: spin echoes in the presence of a time-dependent gradient},
author={E. O. Stejskal and J. E. Tanner},
journal=jcp,
volume={42},
number={1},
year={1965},
pages={288--292},
}

@incollection{basser-2009,
title={Introduction to {Diffusion} {MR}},
author={P. J. Basser and E. \"{O}zarslan},
editor={H. Johansen-Berg and T. E. J. Behrens},
booktitle={Diffusion {MRI}: from quantitative measurement to in-vivo neuroanatomy},
publisher={Academic Press},
year={2009},
chapter={1},
pages={3--10},
}

@article{conklin-2016,
title={A Simplified Model for Intravoxel Incoherent Motion Perfusion Imaging of the Brain},
author={J. Conklin and C. Heyn and M. Roux and M. Cerny and M. Wintermark and C. Federau},
journal=ajnr,
year={2016},
volume={37},
number={12},
pages={2251--2257},
}

@article{jalnefjord-2018,
title={Comparison of methods for estimation of the intravoxel incoherent motion ({IVIM}) diffusion coefficient ({D}) and perfusion fraction (f)},
author={O. Jalnefjord and M. Andersson and M. Montelius and G. Starck and A.-K. Elf and V. Johanson and J. Svensson and M. Ljungberg},
journal=mrmpbm,
volume={31},
pages={715--723},
year={2018},
}

@article{panagiotaki-2014,
title={Noninvasive Quantification of Solid Tumor Microstructure Using {VERDICT} {MRI}},
author={E. Panagiotaki and S. Walker-Samuel and B. Siow and S. P. Johnson and V. Rajkumar and R. B. Pedley and M. F. Lythgoe and D. C. Alexander},
journal=cr,
volume={74},
number={7},
year={2014},
pages={1902--1912},
}

@article{chenevert-2000,
title={Diffusion Magnetic Resonance Imaging: an Early Surrogate Marker of Therapeutic Efficacy in Brain Tumors},
author={T. L. Chenevert and L. D. Stegman and J. M. G. Taylor and P. L. Robertson and H. S. Greenberg and A. Rehemtulla and B. D. Ross},
journal=jnci,
volume={92},
number={24},
year={2000},
pages={2029--2036},
}