/Users/liam/Documents/texmf/bibtex/bib/mystrings.bib